<record><leader>00000cas a2200000 i 4500</leader><controlfield tag="001">11167967</controlfield><controlfield tag="008">840918d18731919inuwr ne      0    0eng c</controlfield><datafield ind1=" " ind2=" " tag="010"><subfield code="a">sn 84038033 </subfield></datafield><datafield ind1=" " ind2=" " tag="040"><subfield code="a">NPX</subfield><subfield code="b">eng</subfield><subfield code="e">rda</subfield><subfield code="c">NPX</subfield><subfield code="d">NPU</subfield><subfield code="d">NPI</subfield><subfield code="d">DLC</subfield><subfield code="d">OCLCQ</subfield><subfield code="d">IUL</subfield><subfield code="d">OCLCF</subfield></datafield><datafield ind1=" " ind2=" " tag="042"><subfield code="a">pcc</subfield></datafield><datafield ind1=" " ind2=" " tag="043"><subfield code="a">n-us-in</subfield></datafield><datafield ind1="0" ind2=" " tag="130"><subfield code="a">New Castle courier (New Castle, Ind. : 1873)</subfield></datafield><datafield ind1="1" ind2="0" tag="245"><subfield code="a">New Castle courier.</subfield></datafield><datafield ind1=" " ind2="1" tag="264"><subfield code="a">New Castle, Ind. :</subfield><subfield code="b">Pleas &amp; Rogers,</subfield><subfield code="c">1873-</subfield></datafield><datafield ind1=" " ind2=" " tag="300"><subfield code="a">volumes :</subfield><subfield code="b">illustrations ;</subfield><subfield code="c">54 cm</subfield></datafield><datafield ind1=" " ind2=" " tag="310"><subfield code="a">Weekly</subfield></datafield><datafield ind1=" " ind2=" " tag="336"><subfield code="a">text</subfield><subfield code="b">txt</subfield><subfield code="2">rdacontent</subfield></datafield><datafield ind1=" " ind2=" " tag="337"><subfield code="a">unmediated</subfield><subfield code="b">n</subfield><subfield code="2">rdamedia</subfield></datafield><datafield ind1=" " ind2=" " tag="338"><subfield code="a">volume</subfield><subfield code="b">nc</subfield><subfield code="2">rdacarrier</subfield></datafield><datafield ind1="0" ind2=" " tag="362"><subfield code="a">Vol. XXXIII, no. 1 (January 3, 1873)-</subfield></datafield><datafield ind1="1" ind2=" " tag="362"><subfield code="a">Ceased in 1919.</subfield></datafield><datafield ind1=" " ind2=" " tag="500"><subfield code="a">Title from masthead.</subfield></datafield><datafield ind1=" " ind2=" " tag="500"><subfield code="a">Publishers: Pleas &amp; Rogers &lt;1873&gt;, Adolph Rogers, 1873-1875; Courier Co., 1875-&lt;1876&gt;.</subfield></datafield><datafield ind1=" " ind2=" " tag="580"><subfield code="a">Published also in daily editions called: Daily noon courier, 1880; Daily courier (New Castle, Ind. : 1880), 1880-&lt;1883&gt;; Little courier (New Castle, Ind.), &lt;1888-1899&gt;; Daily courier (New Castle, Ind. : 1902), &lt;1902&gt;-1919.</subfield></datafield><datafield ind1=" " ind2=" " tag="588"><subfield code="a">Latest issue consulted: Seventy-sixth year, number 34 (August 24, 1916); U.S. Newspaper Archive (viewed Aug. 7, 2017).</subfield></datafield><datafield ind1=" " ind2="0" tag="651"><subfield code="a">New Castle (Ind.)</subfield><subfield code="v">Newspapers.</subfield></datafield><datafield ind1=" " ind2="0" tag="651"><subfield code="a">Henry County (Ind.)</subfield><subfield code="v">Newspapers.</subfield></datafield><datafield ind1=" " ind2="7" tag="651"><subfield code="a">Indiana</subfield><subfield code="z">Henry County.</subfield><subfield code="2">fast</subfield><subfield code="0">(OCoLC)fst01209009</subfield></datafield><datafield ind1=" " ind2="7" tag="651"><subfield code="a">Indiana</subfield><subfield code="z">New Castle.</subfield><subfield code="2">fast</subfield><subfield code="0">(OCoLC)fst01236657</subfield></datafield><datafield ind1=" " ind2="7" tag="655"><subfield code="a">Newspapers.</subfield><subfield code="2">fast</subfield><subfield code="0">(OCoLC)fst01423814</subfield></datafield><datafield ind1=" " ind2=" " tag="752"><subfield code="a">United States</subfield><subfield code="b">Indiana</subfield><subfield code="c">Henry</subfield><subfield code="d">New Castle.</subfield></datafield><datafield ind1="1" ind2=" " tag="775"><subfield code="t">Daily noon courier</subfield><subfield code="w">(DLC)sn 86058593</subfield><subfield code="w">(OCoLC)13724924</subfield></datafield><datafield ind1="1" ind2=" " tag="775"><subfield code="t">Daily courier (New Castle, Ind. : 1880)</subfield><subfield code="w">(DLC)sn 86058594</subfield><subfield code="w">(OCoLC)13724958</subfield></datafield><datafield ind1="1" ind2=" " tag="775"><subfield code="t">Little courier</subfield><subfield code="w">(DLC)sn 86058596</subfield><subfield code="w">(OCoLC)13725121</subfield></datafield><datafield ind1="1" ind2=" " tag="775"><subfield code="t">Daily courier (New Castle, Ind. : 1902)</subfield><subfield code="w">(DLC)sn 86058597</subfield><subfield code="w">(OCoLC)13725176</subfield></datafield><datafield ind1="0" ind2="0" tag="780"><subfield code="t">New Castle courier and Republican</subfield><subfield code="w">(DLC)sn 86058591</subfield><subfield code="w">(OCoLC)13724167</subfield></datafield><datafield ind1="4" ind2="1" tag="856"><subfield code="u">https://access.newspaperarchive.com/us/indiana/new-castle/new-castle-courier/</subfield></datafield></record>